<?xml version="1.0" encoding="UTF-8"?><collection xmlns="http://www.loc.gov/MARC21/slim"><record><leader>00396nam--2200145-i-4500</leader><controlfield tag="001">000002582</controlfield><controlfield tag="002">20161230</controlfield><controlfield tag="005">20161230201025</controlfield><controlfield tag="008">060222s1000------------r-----000-0-eng-d</controlfield><datafield ind1=" " ind2=" " tag="080"><subfield code="a">53(038)=20=590</subfield></datafield><datafield ind1=" " ind2=" " tag="100"><subfield code="a">Andreescu, Ludmila Si Gavrilas, Mariana</subfield></datafield><datafield ind1=" " ind2=" " tag="245"><subfield code="a">Dictionar de fizica englez-roman</subfield></datafield><datafield ind1=" " ind2=" " tag="260"><subfield code="a">Craiova, Editura Tehnica, 1981 479 P</subfield></datafield><datafield ind1=" " ind2=" " tag="852"><subfield code="a">563</subfield></datafield><datafield ind1=" " ind2=" " tag="CAT"><subfield code="a">Sys</subfield><subfield code="c">20130228</subfield><subfield code="h">105319</subfield></datafield></record></collection>